<?xml version="1.0" encoding="UTF-8"?><collection xmlns="http://www.loc.gov/MARC21/slim"><record><leader>00654nam--2200169-i-4500</leader><controlfield tag="001">000020992</controlfield><controlfield tag="002">20161230</controlfield><controlfield tag="005">20161230201034</controlfield><controlfield tag="008">060222s1000------------r-----000-0-eng-d</controlfield><datafield ind1=" " ind2=" " tag="040"><subfield code="a">IFIN-HH</subfield></datafield><datafield ind1=" " ind2=" " tag="080"><subfield code="a">533.9(061.3)</subfield></datafield><datafield ind1="1" ind2=" " tag="100"><subfield code="a">Weisen, H</subfield></datafield><datafield ind1="1" ind2="0" tag="245"><subfield code="a">Les defis de la recherche en fusion magnetique</subfield><subfield code="b">36-eme cours de perfectionnement de l'association vaudoise des chercheurs en physique, grimentz, valais, suisse, 21-26 mars 1994</subfield><subfield code="c">H. WEISEN, T. JALANTI, F. HOFMANN, F. TROYON (Eds.)</subfield></datafield><datafield ind1=" " ind2=" " tag="260"><subfield code="a">Lausanne, Association Vaudoise Des Chercheurs En Physique, 1994 Pag.Dif</subfield></datafield><datafield ind1="1" ind2=" " tag="700"><subfield code="a">Troyon F</subfield></datafield><datafield ind1=" " ind2=" " tag="852"><subfield code="a">80293</subfield><subfield code="c">533.9</subfield></datafield><datafield ind1=" " ind2=" " tag="CAT"><subfield code="a">Sys</subfield><subfield code="c">20101004</subfield><subfield code="h">150658</subfield></datafield></record></collection>